@article{stern1957,
  author    = {M. Stern and A. L. Geary},
  title     = {Electrochemical Polarization: I. A Theoretical Analysis of the Shape of Polarization Curves},
  journal   = {Journal of the Electrochemical Society},
  year      = {1957},
  volume    = {104},
  number    = {1},
  pages     = {56--63},
  doi       = {10.1149/1.2428655}
}

@book{bard2001,
  author    = {Allen J. Bard and Larry R. Faulkner},
  title     = {Electrochemical Methods: Fundamentals and Applications},
  publisher = {Wiley},
  year      = {2001},
  edition   = {2},
  address   = {New York}
}

@article{laamari_2011_corrosion,
  author    = {Laamari, R. and Benzakour, J. and Berrekhis, F. and Abouelfida, A. and Derja, A. and Villemin, D.},
  title     = {Corrosion inhibition of carbon steel in hydrochloric acid 0.5M by hexa methylene diamine tetramethyl-phosphonic acid},
  journal   = {Arabian Journal of Chemistry},
  year      = {2011},
  volume    = {4},
  pages     = {271--277},
  month     = {07},
  doi       = {10.1016/j.arabjc.2010.06.046}
}

@misc{loveday_electrochemical,
  author    = {Loveday, David},
  title     = {Electrochemical Corrosion Rate Measurement -- A Comparison},
  url       = {https://www.gamry.com/assets/Uploads/Electrochemical-Corrosion-Measurements.pdf?utm_source=chatgpt.com},
  urldate   = {2025-09-24}
}

@article{radovanovi_2019_electrochemical,
  author    = {Radovanović, Milan B and Tasić, Žaklina Z and Petrović Mihajlović, Marija B. and Simonović, Ana T and Antonijević, Milan M},
  title     = {Electrochemical and DFT studies of brass corrosion inhibition in 3\% NaCl in the presence of environmentally friendly compounds},
  journal   = {Scientific Reports},
  publisher = {Nature Portfolio},
  year      = {2019},
  volume    = {9},
  month     = {11},
  doi       = {10.1038/s41598-019-52635-2},
  url       = {https://www.nature.com/articles/s41598-019-52635-2}
}
